@article{dereu2013application,
  title={Application of the topographic position index to heterogeneous landscapes},
  author={De Reu, Jeroen and Bourgeois, Jean and Bats, Machteld and Zwertvaegher, Ann and Gelorini, Vanessa and De Smedt, Philippe and Chu, Wei and Antrop, Marc and De Maeyer, Philippe and Finke, Peter and others},
  journal={Geomorphology},
  volume={186},
  pages={39--49},
  year={2013},
  publisher={Elsevier}
}

@article{allwine1994single,
  title={Single-station integral measures of atmospheric stagnation, recirculation and ventilation},
  author={Allwine, K Jerry and Whiteman, C David},
  journal={Atmospheric Environment},
  volume={28},
  number={4},
  pages={713--721},
  year={1994},
  publisher={Elsevier}
}

@article{perez2014atmospheric,
  title={{Atmospheric recirculation on the east coast of Gran Canaria Island}},
  author={P{\'e}rez, N and Rodr{\'\i}guez, G and Pacheco, JM},
  journal={Proceedings of Air Pollution XXII},
  volume={183},
  pages={15--25},
  year={2014}
}

@article{pasch2011meteorological,
  title={{Meteorological characteristics associated with PM2. 5 air pollution in Cleveland, Ohio, during the 2009--2010 Cleveland Multiple Air Pollutants Study}},
  author={Pasch, Adam N and MacDonald, Clinton P and Gilliam, Robert C and Knoderer, Charley A and Roberts, Paul T},
  journal={Atmospheric environment},
  volume={45},
  number={39},
  pages={7026--7035},
  year={2011},
  publisher={Elsevier}
}

@article{wu2013observational,
  title={{Observational studies of the meteorological characteristics associated with poor air quality over the Pearl River Delta in China}},
  author={Wu, M and Wu, D and Fan, Q and Wang, BM and Li, HW and Fan, SJ},
  journal={Atmospheric Chemistry and Physics},
  volume={13},
  number={21},
  pages={10755--10766},
  year={2013},
  publisher={Copernicus GmbH}
}


@techreport{silibello2006surfpro,
  title={{SURFPRO (SURrface-atmosphere interFace PROcessor) User's guide}},
  author={Silibello, C and Finardi, S and Calori, G},
  institution={ARIANET},
  year={2006}
}

@techreport{skamarock2005description,
  title={{A description of the advanced research WRF version 2}},
  author={Skamarock, William C and Klemp, Joseph B and Dudhia, Jimy and Gill, David O and Barker, Dale M and Wang, Wei and Powers, Jordan G},
  year={2005},
  institution={National Center For Atmospheric Research Boulder Co Mesoscale and Microscale Meteorology Div}
}


@article{pepe2020covid,
  title={{COVID-19 outbreak response: a first assessment of mobility changes in Italy following national lockdown}},
  author={Pepe, Emanuele and Bajardi, Paolo and Gauvin, Laetitia and Privitera, Filippo and Lake, Brennan and Cattuto, Ciro and Tizzoni, Michele},
  journal={medRxiv},
  year={2020},
  publisher={Cold Spring Harbor Laboratory Press}
}



@article{allwine1994single,
  title={Single-station integral measures of atmospheric stagnation, recirculation and ventilation},
  author={Allwine, K Jerry and Whiteman, C David},
  journal={Atmospheric Environment},
  volume={28},
  number={4},
  pages={713--721},
  year={1994},
  publisher={Elsevier}
}

@article{perez2014atmospheric,
  title={{Atmospheric recirculation on the east coast of Gran Canaria Island}},
  author={P{\'e}rez, N and Rodr{\'\i}guez, G and Pacheco, JM},
  journal={Proceedings of Air Pollution XXII},
  volume={183},
  pages={15--25},
  year={2014}
}

@article{pasch2011meteorological,
  title={{Meteorological characteristics associated with PM2. 5 air pollution in Cleveland, Ohio, during the 2009--2010 Cleveland Multiple Air Pollutants Study}},
  author={Pasch, Adam N and MacDonald, Clinton P and Gilliam, Robert C and Knoderer, Charley A and Roberts, Paul T},
  journal={Atmospheric environment},
  volume={45},
  number={39},
  pages={7026--7035},
  year={2011},
  publisher={Elsevier}
}

@article{wu2013observational,
  title={{Observational studies of the meteorological characteristics associated with poor air quality over the Pearl River Delta in China}},
  author={Wu, M and Wu, D and Fan, Q and Wang, BM and Li, HW and Fan, SJ},
  journal={Atmospheric Chemistry and Physics},
  volume={13},
  number={21},
  pages={10755--10766},
  year={2013},
  publisher={Copernicus GmbH}
}

@article{seco2013volatile,
  title={{Volatile organic compounds in the western Mediterranean basin: urban and rural winter measurements during the DAURE campaign}},
  author={Seco, R and Pe{\~n}uelas, J and Filella, I and Llusia, J and Schallhart, S and Metzger, A and M{\"u}ller, M and Hansel, A},
  journal={Atmospheric chemistry and physics},
  volume={13},
  number={8},
  pages={4291--4306},
  year={2013},
  publisher={Copernicus GmbH}
}

@article{zhang2016spatiotemporal,
  title={Spatiotemporal patterns and source implications of aromatic hydrocarbons at six rural sites across China's developed coastal regions},
  author={Zhang, Zhou and Zhang, Yanli and Wang, Xinming and L{\"u}, Sujun and Huang, Zhonghui and Huang, Xinyu and Yang, Weiqiang and Wang, Yuesi and Zhang, Qiang},
  journal={Journal of Geophysical Research: Atmospheres},
  volume={121},
  number={11},
  pages={6669--6687},
  year={2016},
  publisher={Wiley Online Library}
}

@article{iijima2009clarification,
  title={{Clarification of the predominant emission sources of antimony in airborne particulate matter and estimation of their effects on the atmosphere in Japan}},
  author={Iijima, Akihiro and Sato, Keiichi and Fujitani, Yuji and Fujimori, Eiji and Saito, Yoshinori and Tanabe, Kiyoshi and Ohara, Toshimasa and Kozawa, Kunihisa and Furuta, Naoki},
  journal={Environmental chemistry},
  volume={6},
  number={2},
  pages={122--132},
  year={2009},
  publisher={CSIRO}
}

@article{iijima2008emission,
  title={Emission factor for antimony in brake abrasion dusts as one of the major atmospheric antimony sources},
  author={Iijima, Akihiro and Sato, Keiichi and Yano, Kiyoko and Kato, Masahiko and Kozawa, Kunihisa and Furuta, Naoki},
  journal={Environmental science \& technology},
  volume={42},
  number={8},
  pages={2937--2942},
  year={2008},
  publisher={ACS Publications}
}

@incollection{wold1984multivariate,
  title={Multivariate data analysis in chemistry},
  author={Wold, Svante and Albano, CWJD and Dunn, WJ and Edlund, U and Esbensen, K and Geladi, P and Hellberg, S and Johansson, E and Lindberg, W and Sj{\"o}str{\"o}m, M},
  booktitle={Chemometrics},
  pages={17--95},
  year={1984},
  publisher={Springer}
}